<record><leader>00000cas a22000007a 4500</leader><controlfield tag="001">16912049</controlfield><controlfield tag="008">871029d19311933ohudn ne      0    0eng d</controlfield><datafield ind1=" " ind2=" " tag="010"><subfield code="a">sn 87076799 </subfield></datafield><datafield ind1=" " ind2=" " tag="040"><subfield code="a">ONP</subfield><subfield code="b">eng</subfield><subfield code="c">ONP</subfield><subfield code="d">OCLCQ</subfield></datafield><datafield ind1=" " ind2=" " tag="042"><subfield code="a">msc</subfield></datafield><datafield ind1="0" ind2=" " tag="130"><subfield code="a">Tiffin daily tribune (Tiffin, Ohio : 1931)</subfield></datafield><datafield ind1="1" ind2="0" tag="245"><subfield code="a">Tiffin daily tribune.</subfield></datafield><datafield ind1=" " ind2=" " tag="260"><subfield code="a">Tiffin, Ohio :</subfield><subfield code="b">O.T. Locke &amp; Son,</subfield><subfield code="c">1931-</subfield></datafield><datafield ind1=" " ind2=" " tag="310"><subfield code="a">Daily (except Sun.)</subfield></datafield><datafield ind1="0" ind2=" " tag="362"><subfield code="a">Vol. 46, no. 271 (Mar. 18, 1931)-</subfield></datafield><datafield ind1="1" ind2=" " tag="362"><subfield code="a">Ceased in Jan. 1933.</subfield></datafield><datafield ind1=" " ind2=" " tag="752"><subfield code="a">United States</subfield><subfield code="b">Ohio</subfield><subfield code="c">Seneca</subfield><subfield code="d">Tiffin.</subfield></datafield><datafield ind1="0" ind2="0" tag="780"><subfield code="t">Tiffin tribune (Tiffin, Ohio : 1921)</subfield><subfield code="w">(DLC)sn 87076798</subfield></datafield><datafield ind1="0" ind2="7" tag="785"><subfield code="t">Daily advertiser (Tiffin, Ohio)</subfield><subfield code="w">(DLC)sn 85038264</subfield></datafield><datafield ind1="0" ind2="7" tag="785"><subfield code="t">Advertiser-tribune</subfield><subfield code="w">(DLC)sn 85038265</subfield></datafield></record>